@inbook{2013handbook,
  title={Handbook of Mathematics},
  author={Bronshtein, I.N. and Semendyayev, K.A.},
  isbn={9783662219829},
  url={https://books.google.ca/books?id=yojoCAAAQBAJ},
  year={2013},
  publisher={Springer Berlin Heidelberg},
  pages={892}
}

@inbook{appliedIterativeMethods,
  title={Applied Iterative Methods},
  author={Louis A. Hageman and David M. Young},
  url={https://books.google.ca/books?id=MjJSGuXAQWwC},
  year={2004},
  publisher={Dover Publications},
  pages={140}
}

@INPROCEEDINGS{7396262,  author={Liu, Hongxia and Feng, Tianxiang},  booktitle={2015 11th International Conference on Computational Intelligence and Security (CIS)},   title={Study on the Convergence of Solving Linear Equations by Gauss-Seidel and Jacobi Method},   year={2015},  volume={},  number={},  pages={100-103},  doi={10.1109/CIS.2015.32}}

@INPROCEEDINGS{row-based,  author={Courtecuisse, Hadrien and Allard, Jérémie},  booktitle={2009 11th IEEE International Conference on High Performance Computing and Communications},   title={Parallel Dense Gauss-Seidel Algorithm on Many-Core Processors},   year={2009},  volume={},  number={},  pages={139-147},  doi={10.1109/HPCC.2009.51}}

@ARTICLE{base-paper,  author={Ahmadi, Afshin and Manganiello, Felice and Khademi, Amin and Smith, Melissa C.},  journal={IEEE Transactions on Parallel and Distributed Systems},   title={A Parallel Jacobi-Embedded Gauss-Seidel Method},   year={2021},  volume={32},  number={6},  pages={1452-1464},  doi={10.1109/TPDS.2021.3052091}}

@book{numerical-mathematics,
author = "A. Quarteroni and R. Sacco and and F. Saleri",
title = "Numerical Mathematics",
publisher = "Springer",
year = 2010,
volume = 37
}

@book{hageman2016applied,
  title={Applied Iterative Methods},
  author={Hageman, L.A.},
  isbn={9781483294377},
  url={https://books.google.ca/books?id=FOTMBQAAQBAJ},
  year={2016},
  publisher={Elsevier Science},
  pages={23-27}
}

@article{rbgs,
title={Parallel Smoother Based on Block Red-Black Ordering for Multigrid Poisson Solver},
journal={Lecture Notes in Computer Science High Performance Computing for Computational Science - VECPAR 2012},
author={Kawai and Masatoshi and Iwashita and Takeshi and Nakashima and Hiroshi and Marques, Osni}, year={2013}, pages={292–299}}
