@book{numerical-mathematics,
author = "A. Quarteroni and R. Sacco and and F. Saleri",
title = "Numerical Mathematics",
publisher = "Springer",
year = 2010,
volume = 37
}

@book{hageman2016applied,
  title={Applied Iterative Methods},
  author={Hageman, L.A.},
  isbn={9781483294377},
  url={https://books.google.ca/books?id=FOTMBQAAQBAJ},
  year={2016},
  publisher={Elsevier Science},
  pages={23-27}
}

@article{rbgs,
title={Parallel Smoother Based on Block Red-Black Ordering for Multigrid Poisson Solver},
journal={Lecture Notes in Computer Science High Performance Computing for Computational Science - VECPAR 2012},
author={Kawai and Masatoshi and Iwashita and Takeshi and Nakashima and Hiroshi and Marques, Osni}, year={2013}, pages={292–299}}

@INPROCEEDINGS{row-based,  author={Courtecuisse, Hadrien and Allard, Jérémie},  booktitle={2009 11th IEEE International Conference on High Performance Computing and Communications},   title={Parallel Dense Gauss-Seidel Algorithm on Many-Core Processors},   year={2009},  volume={},  number={},  pages={139-147},  doi={10.1109/HPCC.2009.51}}