@book{ref1,
author = {A. Quarteroni, R. Sacco, and F. Saleri},
title = {Numerical Mathematics,},
volume = {37},
publisher = {Springer},
year = {2010}
}

